@string{ aap = {A\&A} }
@string{ aaps = {A\&A, Supplement} }
@string{ apj = {ApJ} }
@string{ apjl = {ApJL} }
@string{ apjsup = {ApJ Supp} }
@string{ araa = {ARA\&A} }
@string{ grl = {GRL} }
@string{ jcp = {JCP} }
@string{ jcp = {JGR} }
@string{ jfm = {JFM} }
@string{ jgr = {JGR} }
@string{ mnras = {MNRAS} }
@string{ sp = {Solar~Phys.} }
@string{ solphys = {Solar~Phys.} }
@string{ pf = {Phys.~Fluids} }
@string{ pfa = {Phys.~Fluids A} }
@string{ pfb = {Phys.~Fluids B} }
@string{ pla = {Phys.~Lett.~A} }
@string{ pop = {Phys.~Plasmas} }
@string{ pra = {Phys.~Rev.~A} }
@string{ pasj = {PASJ} }
@string{ prl = {Phys.~Rev.~Lett.} }
@string{ zap = {ZAp} }

@ARTICLE{Golding2017,
	author = {{Golding}, T.~P. and {Leenaarts}, J. and {Carlsson}, M.},
	title = "{Formation of the helium extreme-UV resonance lines}",
	journal = {\aap},
	keywords = {Sun: atmosphere, Sun: chromosphere, Sun: transition region, radiative transfer, line: formation, Astrophysics - Solar and Stellar Astrophysics},
	year = 2017,
	month = jan,
	volume = {597},
	eid = {A102},
	pages = {A102},
	doi = {10.1051/0004-6361/201629462},
	archivePrefix = {arXiv},
	eprint = {1610.00352},
	primaryClass = {astro-ph.SR},
	adsurl = {https://ui.adsabs.harvard.edu/abs/2017A&A...597A.102G},
	adsnote = {Provided by the SAO/NASA Astrophysics Data System}
}

@ARTICLE{Cushman1978,
	author = {{Cushman}, G.~W. and {Rense}, W.~A.},
	title = "{Solar He II (304 {\r{A}}) and Si XI (303 {\r{A}}) line profiles.}",
	journal = {\solphys},
	keywords = {Helium Ions, Line Shape, Silicon Isotopes, Solar Spectra, Ultraviolet Spectra, Astronomical Spectroscopy, Luminous Intensity, Rocket-Borne Instruments, Temperature Effects, Solar Physics, Line Profiles:Solar Disk, Line Profiles:Solar Spectrum},
	year = 1978,
	month = jul,
	volume = {58},
	number = {2},
	pages = {299-305},
	doi = {10.1007/BF00157275},
	adsurl = {https://ui.adsabs.harvard.edu/abs/1978SoPh...58..299C},
	adsnote = {Provided by the SAO/NASA Astrophysics Data System}
}


@ARTICLE{FeldmanAbund,
	author = {{Feldman}, U.},
	title = "{Elemental abundances in the upper solar atmosphere.}",
	journal = {\physscr},
	year = 1992,
	month = sep,
	volume = {46},
	number = {3},
	pages = {202-220},
	doi = {10.1088/0031-8949/46/3/002},
	adsurl = {https://ui.adsabs.harvard.edu/abs/1992PhyS...46..202F},
	adsnote = {Provided by the SAO/NASA Astrophysics Data System}
}


@INPROCEEDINGS{Owens2005,
	author = {{Owens}, Scott M. and {Gum}, Jeffery S. and {Tarrio}, Charles and {Grantham}, Steven and {Dvorak}, Joseph and {Kjornrattanawanich}, Benjawan and {Keski-Kuha}, Ritva and {Thomas}, Roger J. and {Kankelborg}, Charles C.},
	title = "{Narrow-band EUV multilayer coating for the MOSES sounding rocket}",
	booktitle = {Optics for EUV, X-Ray, and Gamma-Ray Astronomy II},
	year = 2005,
	editor = {{Citterio}, Oberto and {O'Dell}, Stephen L.},
	series = {Society of Photo-Optical Instrumentation Engineers (SPIE) Conference Series},
	volume = {5900},
	month = aug,
	pages = {5-13},
	doi = {10.1117/12.617520},
	adsurl = {https://ui.adsabs.harvard.edu/abs/2005SPIE.5900....5O},
	adsnote = {Provided by the SAO/NASA Astrophysics Data System}
}

@ARTICLE{AIA-Response,
	author = {{O'Dwyer}, B. and {Del Zanna}, G. and {Mason}, H.~E. and {Weber}, M.~A. and {Tripathi}, D.},
	title = "{SDO/AIA response to coronal hole, quiet Sun, active region, and flare plasma}",
	journal = {\aap},
	keywords = {Sun: activity, Sun: atmosphere, Sun: corona, Sun: UV radiation},
	year = 2010,
	month = oct,
	volume = {521},
	eid = {A21},
	pages = {A21},
	doi = {10.1051/0004-6361/201014872},
	adsurl = {https://ui.adsabs.harvard.edu/abs/2010A&A...521A..21O},
	adsnote = {Provided by the SAO/NASA Astrophysics Data System}
}

@ARTICLE{lemen2011,
	author = {{Lemen}, J.~R. and {Title}, A.~M. and {Akin}, D.~J. and {Boerner}, P.~F. and 
	{Chou}, C. and {Drake}, J.~F. and {Duncan}, D.~W. and {Edwards}, C.~G. and 
	{Friedlaender}, F.~M. and {Heyman}, G.~F. and {Hurlburt}, N.~E. and 
	{Katz}, N.~L. and {Kushner}, G.~D. and {Levay}, M. and {Lindgren}, R.~W. and 
	{Mathur}, D.~P. and {McFeaters}, E.~L. and {Mitchell}, S. and 
	{Rehse}, R.~A. and {Schrijver}, C.~J. and {Springer}, L.~A. and 
	{Stern}, R.~A. and {Tarbell}, T.~D. and {Wuelser}, J.-P. and 
	{Wolfson}, C.~J. and {Yanari}, C. and {Bookbinder}, J.~A. and 
	{Cheimets}, P.~N. and {Caldwell}, D. and {Deluca}, E.~E. and 
	{Gates}, R. and {Golub}, L. and {Park}, S. and {Podgorski}, W.~A. and 
	{Bush}, R.~I. and {Scherrer}, P.~H. and {Gummin}, M.~A. and 
	{Smith}, P. and {Auker}, G. and {Jerram}, P. and {Pool}, P. and 
	{Soufli}, R. and {Windt}, D.~L. and {Beardsley}, S. and {Clapp}, M. and 
	{Lang}, J. and {Waltham}, N.},
	title = "{The Atmospheric Imaging Assembly (AIA) on the Solar Dynamics Observatory (SDO)}",
	journal = {\solphys},
	keywords = {Solar corona, Solar instrumentation, Solar imaging, Extreme ultraviolet},
	year = 2011,
	month = jun,
	pages = {115-+},
	doi = {10.1007/s11207-011-9776-8},
	adsurl = {http://adsabs.harvard.edu/abs/2011SoPh..tmp..115L},
	adsnote = {Provided by the SAO/NASA Astrophysics Data System}
}


@INPROCEEDINGS{Windt2015,
	author = {{Windt}, David L.},
	title = "{EUV multilayer coatings for solar imaging and spectroscopy}",
	booktitle = {Solar Physics and Space Weather Instrumentation VI},
	year = 2015,
	editor = {{Fineschi}, Silvano and {Fennelly}, Judy},
	series = {Society of Photo-Optical Instrumentation Engineers (SPIE) Conference Series},
	volume = {9604},
	month = sep,
	eid = {96040P},
	pages = {96040P},
	doi = {10.1117/12.2188230},
	adsurl = {https://ui.adsabs.harvard.edu/abs/2015SPIE.9604E..0PW},
	adsnote = {Provided by the SAO/NASA Astrophysics Data System}
}

@ARTICLE{harra2020,
	author = {{Harra}, Louise and {Matthews}, Sarah and {Long}, David and {Hasegawa}, Takahiro and {Lee}, Kyoung-Sun and {Reeves}, Katharine K. and {Shimizu}, Toshifumi and {Hara}, Hirohisa and {Woods}, Magnus},
	title = "{Locating Hot Plasma in Small Flares using Spectroscopic Overlappogram Data from the Hinode EUV Imaging Spectrometer}",
	journal = {\solphys},
	keywords = {Flares, Corona, Astrophysics - Solar and Stellar Astrophysics},
	year = 2020,
	month = feb,
	volume = {295},
	number = {2},
	eid = {34},
	pages = {34},
	doi = {10.1007/s11207-020-01602-6},
	archivePrefix = {arXiv},
	eprint = {2003.02908},
	primaryClass = {astro-ph.SR},
	adsurl = {https://ui.adsabs.harvard.edu/abs/2020SoPh..295...34H},
	adsnote = {Provided by the SAO/NASA Astrophysics Data System}
}

@ARTICLE{harra2017,
	author = {{Harra}, Louise K. and {Hara}, Hirohisa and {Doschek}, George A. and {Matthews}, Sarah and {Warren}, Harry and {Culhane}, J. Leonard and {Woods}, Magnus M.},
	title = "{Measuring Velocities in the Early Stage of an Eruption: Using {\textquotedblleft}Overlappogram{\textquotedblright} Data from Hinode EIS}",
	journal = {\apj},
	keywords = {Sun: filaments, prominences, Sun: flares},
	year = 2017,
	month = jun,
	volume = {842},
	number = {1},
	eid = {58},
	pages = {58},
	doi = {10.3847/1538-4357/aa7411},
	adsurl = {https://ui.adsabs.harvard.edu/abs/2017ApJ...842...58H},
	adsnote = {Provided by the SAO/NASA Astrophysics Data System}
}


@ARTICLE{kosugi2007,
	author = {{Kosugi}, T. and {Matsuzaki}, K. and {Sakao}, T. and {Shimizu}, T. and 
	{Sone}, Y. and {Tachikawa}, S. and {Hashimoto}, T. and {Minesugi}, K. and 
	{Ohnishi}, A. and {Yamada}, T. and {Tsuneta}, S. and {Hara}, H. and 
	{Ichimoto}, K. and {Suematsu}, Y. and {Shimojo}, M. and {Watanabe}, T. and 
	{Shimada}, S. and {Davis}, J.~M. and {Hill}, L.~D. and {Owens}, J.~K. and 
	{Title}, A.~M. and {Culhane}, J.~L. and {Harra}, L.~K. and {Doschek}, G.~A. and 
	{Golub}, L.},
	title = "{The Hinode (Solar-B) Mission: An Overview}",
	journal = {\solphys},
	year = 2007,
	month = jun,
	volume = 243,
	pages = {3-17},
	doi = {10.1007/s11207-007-9014-6},
	adsurl = {http://adsabs.harvard.edu/abs/2007SoPh..243....3K},
	adsnote = {Provided by the SAO/NASA Astrophysics Data System}
}


@ARTICLE{culhane2007,
	author = {{Culhane}, J.~L. and {Harra}, L.~K. and {James}, A.~M. and {Al-Janabi}, K. and 
	{Bradley}, L.~J. and {Chaudry}, R.~A. and {Rees}, K. and {Tandy}, J.~A. and 
	{Thomas}, P. and {Whillock}, M.~C.~R. and {Winter}, B. and {Doschek}, G.~A. and 
	{Korendyke}, C.~M. and {Brown}, C.~M. and {Myers}, S. and {Mariska}, J. and 
	{Seely}, J. and {Lang}, J. and {Kent}, B.~J. and {Shaughnessy}, B.~M. and 
	{Young}, P.~R. and {Simnett}, G.~M. and {Castelli}, C.~M. and 
	{Mahmoud}, S. and {Mapson-Menard}, H. and {Probyn}, B.~J. and 
	{Thomas}, R.~J. and {Davila}, J. and {Dere}, K. and {Windt}, D. and 
	{Shea}, J. and {Hagood}, R. and {Moye}, R. and {Hara}, H. and 
	{Watanabe}, T. and {Matsuzaki}, K. and {Kosugi}, T. and {Hansteen}, V. and 
	{Wikstol}, {\O}.},
	title = "{The EUV Imaging Spectrometer for Hinode}",
	journal = {\solphys},
	year = 2007,
	month = jun,
	volume = 243,
	pages = {19-61},
	doi = {10.1007/s01007-007-0293-1},
	adsurl = {http://adsabs.harvard.edu/abs/2007SoPh..243...19C},
	adsnote = {Provided by the SAO/NASA Astrophysics Data System}
}


@ARTICLE{golub2020,
	author = {{Golub}, Leon and {Cheimets}, Peter and {DeLuca}, Edward E. and {Madsen}, Chad A. and {Reeves}, Katharine K. and {Samra}, Jenna and {Savage}, Sabrina and {Winebarger}, Amy and {Bruccoleri}, Alexander R.},
	title = "{EUV imaging and spectroscopy for improved space weather forecasting}",
	journal = {Journal of Space Weather and Space Climate},
	keywords = {coronal mass ejection, space weather forecasts, solar corona, EUV instrumentation},
	year = 2020,
	month = jul,
	volume = {10},
	eid = {37},
	pages = {37},
	doi = {10.1051/swsc/2020040},
	adsurl = {https://ui.adsabs.harvard.edu/abs/2020JSWSC..10...37G},
	adsnote = {Provided by the SAO/NASA Astrophysics Data System}
}

@ARTICLE{winebarger2019,
	author = {{Winebarger}, Amy R. and {Weber}, Mark and {Bethge}, Christian and {Downs}, Cooper and {Golub}, Leon and {DeLuca}, Edward and {Savage}, Sabrina and {del Zanna}, Giulio and {Samra}, Jenna and {Madsen}, Chad and {Ashraf}, Afra and {Carter}, Courtney},
	title = "{Unfolding Overlapped Slitless Imaging Spectrometer Data for Extended Sources}",
	journal = {\apj},
	keywords = {instrumentation: spectrographs, Sun: corona, techniques: image processing, techniques: imaging spectroscopy, Astrophysics - Solar and Stellar Astrophysics},
	year = 2019,
	month = sep,
	volume = {882},
	number = {1},
	eid = {12},
	pages = {12},
	doi = {10.3847/1538-4357/ab21db},
	archivePrefix = {arXiv},
	eprint = {1811.08329},
	primaryClass = {astro-ph.SR},
	adsurl = {https://ui.adsabs.harvard.edu/abs/2019ApJ...882...12W},
	adsnote = {Provided by the SAO/NASA Astrophysics Data System}
}

@ARTICLE{Zhitnik1998,
	author = {{Zhitnik}, I.~A. and {Kuzin}, S.~V. and {Oraevskii}, V.~N. and {Pertsov}, A.~A. and {Sobel'Man}, I.~I. and {Urnov}, A.~M.},
	title = "{A spectral analysis of solar images in the range 180-210 {\r{A}} with the RES-K spectroheliograph onboard the KORONAS-I satellite}",
	journal = {Astronomy Letters},
	year = 1998,
	month = nov,
	volume = {24},
	number = {6},
	pages = {819-825},
	adsurl = {https://ui.adsabs.harvard.edu/abs/1998AstL...24..819Z},
	adsnote = {Provided by the SAO/NASA Astrophysics Data System}

@ARTICLE{Tousey1973,
	author = {{Tousey}, R. and {Bartoe}, J.~D.~F. and {Bohlin}, J.~D. and 
	{Brueckner}, G.~E. and {Purcell}, J.~D. and {Scherrer}, V.~E. and 
	{Sheeley}, N.~R. and {Schumacher}, R.~J. and {Vanhoosier}, M.~E.
	},
	title = "{A Preliminary Study of the Extreme Ultraviolet Spectroheliograms from Skylab}",
	journal = {\solphys},
	year = 1973,
	volume = 33,
	pages = {265+},
	url = {http://adsabs.harvard.edu/cgi-bin/nph-bib_query?bibcode=1973SoPh...33..265T&db_key=AST},
	adsnote = {Provided by the NASA Astrophysics Data System}
}

@ARTICLE{EIT,
       author = {{Delaboudini{\`e}re}, J. -P. and {Artzner}, G.~E. and {Brunaud}, J. and
        {Gabriel}, A.~H. and {Hochedez}, J.~F. and {Millier}, F. and
        {Song}, X.~Y. and {Au}, B. and {Dere}, K.~P. and {Howard}, R.~A.
        and {Kreplin}, R. and {Michels}, D.~J. and {Moses}, J.~D. and
        {Defise}, J.~M. and {Jamar}, C. and {Rochus}, P. and
        {Chauvineau}, J.~P. and {Marioge}, J.~P. and {Catura}, R.~C. and
        {Lemen}, J.~R. and {Shing}, L. and {Stern}, R.~A. and {Gurman},
        J.~B. and {Neupert}, W.~M. and {Maucherat}, A. and {Clette}, F.
        and {Cugnon}, P. and {van Dessel}, E.~L.},
        title = "{EIT: Extreme-Ultraviolet Imaging Telescope for the SOHO Mission}",
      journal = {Sol.\ Phys.},
     keywords = {Solar X-rays, Solar EUV, Multilayer telescope},
         year = 1995,
        month = Dec,
       volume = {162},
        pages = {291-312},
          doi = {10.1007/BF00733432},
      adsnote = {Provided by the SAO/NASA Astrophysics Data System}
}
% CCK: Replaced \solphys macro above. Also, BibTeX did not like this line:
adsurl = {https://ui.adsabs.harvard.edu/#abs/1995SoPh..162..291D},

%Tools

@ARTICLE{ChiantiI,
author = {{Dere}, K.~P. and {Landi}, E. and {Mason}, H.~E. and {Monsignori Fossi}, B.~C. and {Young}, P.~R.},
title = "{CHIANTI - an atomic database for emission lines}",
journal = {\aaps},
keywords = {ATOMIC DATA, ASTRONOMICAL DATA BASES: MISCELLANEOUS, ULTRAVIOLET: GENERAL, SUN: ATMOSPHERE, STARS: ATMOSPHERE},
year = 1997,
month = oct,
volume = {125},
pages = {149-173},
doi = {10.1051/aas:1997368},
adsurl = {https://ui.adsabs.harvard.edu/abs/1997A&AS..125..149D},
adsnote = {Provided by the SAO/NASA Astrophysics Data System}
}

@ARTICLE{ChiantiX,
author = {{Del Zanna}, Giulio and {Young}, Peter R.},
title = "{Atomic Data for Plasma Spectroscopy: The CHIANTI Database, Improvements and Challenges}",
journal = {Atoms},
year = 2020,
month = aug,
volume = {8},
number = {3},
pages = {46},
doi = {10.3390/atoms8030046},
adsurl = {https://ui.adsabs.harvard.edu/abs/2020Atoms...8...46D},
adsnote = {Provided by the SAO/NASA Astrophysics Data System}
}




%MOSES Publications




@INPROCEEDINGS{Kankelborg2001,
       author = {{Kankelborg}, Charles C. and {Thomas}, Roger J.},
        title = "{Simultaneous imaging and spectroscopy of the solar atmosphere:
        advantages and challenges of a 3-order slitless spectrograph}",
    booktitle = {UV/EUV and Visible Space Instrumentation for Astronomy and Solar Physics},
         year = 2001,
       volume = {4498},
        month = Dec,
        pages = {16-26},
          doi = {10.1117/12.450074},
       adsurl = {https://ui.adsabs.harvard.edu/#abs/2001SPIE.4498...16K},
      adsnote = {Provided by the SAO/NASA Astrophysics Data System}
}

@ARTICLE{Fox2010,
   author = {{Fox}, J.~L. and {Kankelborg}, C.~C. and {Thomas}, R.~J.},
    title = "{A Transition Region Explosive Event Observed in He II with the MOSES Sounding Rocket}",
  journal = {\apj},
 keywords = {instrumentation: spectrographs, space vehicles: instruments, Sun: transition region, Sun: UV radiation, techniques: imaging spectroscopy},
     year = 2010,
    month = aug,
   volume = 719,
    pages = {1132-1143},
      doi = {10.1088/0004-637X/719/2/1132},
   adsurl = {http://adsabs.harvard.edu/abs/2010ApJ...719.1132F},
  adsnote = {Provided by the SAO/NASA Astrophysics Data System}
}

@PHDTHESIS{Fox2011,
       author = {{Fox}, James Lewis},
        title = "{Snapshot imaging spectroscopy of the solar transition region: The Multi-
        Order Solar EUV Spectrograph (MOSES) sounding rocket mission}",
     keywords = {Explosive events, Extreme ultraviolet, Solar transition region, Inverse
        problems, Sounding rocket, Sun},
       school = {Montana State University},
         year = 2011,
        month = Jan,
       adsurl = {https://ui.adsabs.harvard.edu/abs/2011PhDT.........3F},
      adsnote = {Provided by the SAO/NASA Astrophysics Data System}
}



@INPROCEEDINGS{Parker2016,
   author = {{Parker}, J. and {Kankelborg}, C.},
    title = "{Determining the Spectral Content of MOSES Images}",
booktitle = {AAS/Solar Physics Division Abstracts \#47},
     year = 2016,
   series = {AAS/Solar Physics Division Meeting},
   volume = 47,
    month = may,
      eid = {2.04},
    pages = {2.04},
   adsurl = {http://adsabs.harvard.edu/abs/2016SPD....47.0204P},
  adsnote = {Provided by the SAO/NASA Astrophysics Data System}
}


INPROCEEDINGS{Rust2016,
   author = {{Rust}, T. and {Kankelborg}, C.~C.},
    title = "{Transition Region Explosive Events in He II 304{\AA}: Observation and Analysis}",
booktitle = {AAS/Solar Physics Division Meeting},
     year = 2016,
   series = {AAS/Solar Physics Division Meeting},
   volume = 47,
    month = may,
      eid = {101.01},
    pages = {101.01},
   adsurl = {http://adsabs.harvard.edu/abs/2016SPD....4710101R},
  adsnote = {Provided by the SAO/NASA Astrophysics Data System}
}

@ARTICLE{Rust2019,
author = {{Rust}, Thomas and {Kankelborg}, Charles C.},
title = "{Quiet-Sun Explosive Events Observed in He II {\ensuremath{\lambda}}304 with MOSES-06}",
journal = {\apj},
keywords = {instrumentation: spectrographs, magnetic reconnection, Sun: transition region, Sun: UV radiation, techniques: imaging spectroscopy},
year = 2019,
month = may,
volume = {877},
number = {1},
eid = {59},
pages = {59},
doi = {10.3847/1538-4357/ab12e2},
adsurl = {https://ui.adsabs.harvard.edu/abs/2019ApJ...877...59R},
adsnote = {Provided by the SAO/NASA Astrophysics Data System}
}

INPROCEEDINGS{Smart2016,
   author = {{Smart}, R. and {Courrier}, H. and {Kankelborg}, C.},
    title = "{Preliminary Results of the MOSES II 2015 Flight}",
booktitle = {AAS/Solar Physics Division Abstracts \#47},
     year = 2016,
   series = {AAS/Solar Physics Division Meeting},
   volume = 47,
    month = may,
      eid = {309.01},
    pages = {309.01},
   adsurl = {http://adsabs.harvard.edu/abs/2016SPD....4730901S},
  adsnote = {Provided by the SAO/NASA Astrophysics Data System}
}



INPROCEEDINGS{Smart2017,
   author = {{Smart}, R. and {Kankelborg}, C.~C. and {Bonham}, N. and {Courrier}, H.
	},
    title = "{Measuring Plasma Flows in Transition Region Loops Using the MOSES Instrument}",
booktitle = {AAS/Solar Physics Division Abstracts \#48},
     year = 2017,
   series = {AAS/Solar Physics Division Meeting},
   volume = 48,
    month = aug,
      eid = {106.10},
    pages = {106.10},
   adsurl = {http://adsabs.harvard.edu/abs/2017SPD....4810610S},
  adsnote = {Provided by the SAO/NASA Astrophysics Data System}
}

@PHDTHESIS{Rust2017,
   author = {{Rust}, T.~L.},
    title = "{Explosive Events in the Quiet Sun: Extreme Ultraviolet Imaging Spectroscopy Instrumentation and Observations}",
   school = {Montana State University},
     year = 2017,
   adsurl = {http://adsabs.harvard.edu/abs/2017PhDT........71R},
  adsnote = {Provided by the SAO/NASA Astrophysics Data System}
}



@ARTICLE{Courrier2018,
       author = {{Courrier}, Hans T. and {Kankelborg}, Charles C.},
        title = "{Using local correlation tracking to recover solar spectral information
        from a slitless spectrograph}",
      journal = {Journal of Astronomical Telescopes, Instruments, and Systems},
         year = 2018,
        month = Jan,
       volume = {4},
          eid = {018001},
        pages = {018001},
          doi = {10.1117/1.JATIS.4.1.018001},
      adsnote = {Provided by the SAO/NASA Astrophysics Data System}
}

 adsurl = {https://ui.adsabs.harvard.edu/#abs/2018JATIS...4a8001C},




INPROCEEDINGS{Owens2005,
   author = {{Owens}, S.~M. and {Gum}, J.~S. and {Tarrio}, C. and {Grantham}, S. and 
	{Dvorak}, J. and {Kjornrattanawanich}, B. and {Keski-Kuha}, R. and 
	{Thomas}, R.~J. and {Kankelborg}, C.~C.},
    title = "{Narrow-band EUV multilayer coating for the MOSES sounding rocket}",
booktitle = {Optics for EUV, X-Ray, and Gamma-Ray Astronomy II},
     year = 2005,
   series = {\procspie},
   volume = 5900,
   editor = {{Citterio}, O. and {O'Dell}, S.~L.},
    month = aug,
    pages = {5-13},
      doi = {10.1117/12.617520},
   adsurl = {http://adsabs.harvard.edu/abs/2005SPIE.5900....5O},
  adsnote = {Provided by the SAO/NASA Astrophysics Data System}
}


%Spectra

ARTICLE{Brosius1998,
   author = {{Brosius}, J.~W. and {Davila}, J.~M. and {Thomas}, R.~J.},
    title = "{Solar Active Region and Quiet-Sun Extreme-Ultraviolet Spectra from SERTS-95}",
  journal = {\apjs},
 keywords = {INSTRUMENTATION: SPECTROGRAPHS, SUN: ACTIVITY, SUN: CORONA, SUN: UV RADIATION, Instrumentation: Spectrographs, Sun: Activity, Sun: Corona, Sun: UV Radiation},
     year = 1998,
    month = dec,
   volume = 119,
    pages = {255-276},
      doi = {10.1086/313163},
   adsurl = {http://adsabs.harvard.edu/abs/1998ApJS..119..255B},
  adsnote = {Provided by the SAO/NASA Astrophysics Data System}
}





